@article{paper1,
    author =       "First Author, Second Author, Third Author",
    title =        "Title of the Journal Paper I",
    journal =      "Name of the Journal",
    volume =       "322",
    number =       "10",
    pages =        "891--921",
    year =         "1905",
    DOI =          "http://dx.doi.org/10.1002/andp.19053221004",
    keywords =     "included,physics"
}

@article{paper2,
    author =       "First Author, Second Author, Third Author",
    title =        "Title of the Journal Paper II",
    journal =      "Name of the Journal",
    volume =       "322",
    number =       "10",
    pages =        "891--921",
    year =         "1905",
    DOI =          "http://dx.doi.org/10.1002/andp.19053221004",
    keywords =     "included,physics"
}

@inproceedings{paper3,
  author =       {Singaravelu, Lenin and Pu, Calton and H{\"a}rtig, Hermann and Helmuth, Christian},
  title =        {Reducing TCB complexity for security-sensitive applications: three case studies},
  crossref =     {eurosys:06},
  pages =        {161--174},
  doi =          {10.1145/1217935.1217951},
  keywords =     {included, application security, trusted computing base},
}

@online{knuthwebsite,
    author    = "\textbf{First Author}{,} Second Author{,} Third Author",
    title     = "Title of the Paper",
    url       = "http://www-cs-faculty.stanford.edu/~uno/abcde.html",
    keywords  = "other,latex,knuth"
}

